<?xml version='1.0' encoding='UTF-8'?>
<record xmlns="http://www.loc.gov/MARC21/slim">
  <leader>00650cam a22002055  4500</leader>
  <controlfield tag="001">1777298</controlfield>
  <controlfield tag="003">NjP</controlfield>
  <controlfield tag="005">20170313170503.0</controlfield>
  <controlfield tag="008">991111s1955    mr            000 0 ara d</controlfield>
  <datafield tag="024" ind1="7" ind2=" ">
    <subfield code="a">princeton_aco002537</subfield>
    <subfield code="2">local</subfield>
  </datafield>
  <datafield ind1=" " ind2=" " tag="035">
    <subfield code="a">(OCoLC)ocm42811830</subfield>
  </datafield>
  <datafield ind1=" " ind2=" " tag="035">
    <subfield code="9">CFY9036TS</subfield>
  </datafield>
  <datafield ind1=" " ind2=" " tag="040">
    <subfield code="a">PUL</subfield>
    <subfield code="c">PUL</subfield>
  </datafield>
  <datafield ind1="1" ind2=" " tag="100">
    <subfield code="a">Gannūn, ʻAbd Allāh,</subfield>
    <subfield code="d">1908-</subfield>
    <subfield code="0">http://id.loc.gov/authorities/names/n83148080</subfield>
  </datafield>
  <datafield ind1="0" ind2="0" tag="245">
    <subfield code="a">Ibn Baṭūṭah.</subfield>
  </datafield>
  <datafield ind1=" " ind2=" " tag="260">
    <subfield code="a">[Tetuan,</subfield>
    <subfield code="c">1955?]</subfield>
  </datafield>
  <datafield ind1=" " ind2=" " tag="300">
    <subfield code="a">46 p.</subfield>
    <subfield code="c">23 cm.</subfield>
  </datafield>
  <datafield ind1="0" ind2=" " tag="490">
    <subfield code="a">Dhikriyāt mashāhīr rijāl al-Maghrib.,</subfield>
    <subfield code="v">25</subfield>
  </datafield>
  <datafield ind1=" " ind2=" " tag="546">
    <subfield code="a">Title-page and text in Arabic.</subfield>
  </datafield>
  <datafield ind1=" " ind2=" " tag="947">
    <subfield code="a">CFY9036</subfield>
  </datafield>
  <datafield ind1=" " ind2=" " tag="911">
    <subfield code="a">20000130</subfield>
  </datafield>
  <datafield ind1="0" ind2="0" tag="852">
    <subfield code="0">2040872</subfield>
    <subfield code="b">nec</subfield>
    <subfield code="t">0</subfield>
    <subfield code="h">G370.I26</subfield>
    <subfield code="i">G366 1955</subfield>
  </datafield>
  <datafield ind1=" " ind2=" " tag="959">
    <subfield code="a">2000-06-13 00:00:00 -0500</subfield>
  </datafield>
</record>
